<?xml version="1.0" encoding="UTF-8"?><collection xmlns="http://www.loc.gov/MARC21/slim"><record><leader>00438nam--2200145-i-4500</leader><controlfield tag="001">000042023</controlfield><controlfield tag="002">20161230</controlfield><controlfield tag="005">20161230201043</controlfield><controlfield tag="008">060222s1000------------r-----000-0-eng-d</controlfield><datafield ind1=" " ind2=" " tag="080"><subfield code="a">001.891:02</subfield></datafield><datafield ind1=" " ind2=" " tag="100"><subfield code="a">S Nape,Wilfrid H</subfield></datafield><datafield ind1=" " ind2=" " tag="245"><subfield code="a">How to find out about local government</subfield></datafield><datafield ind1=" " ind2=" " tag="260"><subfield code="a">Oxford, Pergamon Press, 1969. Xv + 173 P</subfield></datafield><datafield ind1=" " ind2=" " tag="490"><subfield code="a">The Commonwealth And Int.Library. Libraries And Technical Information Division</subfield></datafield><datafield ind1=" " ind2=" " tag="852"><subfield code="a">30715</subfield></datafield></record></collection>